@book{knuth,
  title={The texbook},
  author={Knuth, D.E. and Bibby, D. and Makai, I.},
  volume={1993},
  year={1986},
  publisher={Addison-Wesley}
}